<?xml version="1.0" encoding="UTF-8"?><collection xmlns="http://www.loc.gov/MARC21/slim"><record><leader>00478nam--2200169-u-4500</leader><controlfield tag="001">000052792</controlfield><controlfield tag="002">20161230</controlfield><controlfield tag="005">20170102222327</controlfield><controlfield tag="008">101019s1000------------r-----000-0-eng-d</controlfield><datafield ind1=" " ind2=" " tag="040"><subfield code="a">IFIN-HH</subfield></datafield><datafield ind1=" " ind2=" " tag="080"><subfield code="a">535.31</subfield></datafield><datafield ind1="1" ind2=" " tag="100"><subfield code="a">Emsley, H. H</subfield></datafield><datafield ind1="1" ind2="0" tag="245"><subfield code="a">Aberrations of Thin Lenses</subfield><subfield code="b">An Elementary Treatment for Technicians and Students</subfield><subfield code="c">H.H. Emsley</subfield></datafield><datafield ind1=" " ind2=" " tag="260"><subfield code="a">London</subfield><subfield code="b">Constable and Company Ltd</subfield><subfield code="c">1956</subfield></datafield><datafield ind1=" " ind2=" " tag="300"><subfield code="a">352 p</subfield></datafield><datafield ind1=" " ind2=" " tag="852"><subfield code="a">12689</subfield><subfield code="c">535</subfield></datafield><datafield ind1=" " ind2=" " tag="CAT"><subfield code="a">SYS</subfield><subfield code="c">20170102</subfield><subfield code="h">222327</subfield></datafield></record></collection>